<record><leader>00000cas a22000007a 4500</leader><controlfield tag="001">9252915</controlfield><controlfield tag="008">830224d18511851maudn ne      0    0eng d</controlfield><controlfield tag="009">3768</controlfield><datafield ind1=" " ind2=" " tag="010"><subfield code="a">sn 83020084 </subfield></datafield><datafield ind1=" " ind2=" " tag="040"><subfield code="a">NPX</subfield><subfield code="b">eng</subfield><subfield code="c">NPX</subfield><subfield code="d">MGN</subfield></datafield><datafield ind1=" " ind2=" " tag="042"><subfield code="a">msc</subfield></datafield><datafield ind1="0" ind2="0" tag="245"><subfield code="a">Lowell daily vox.</subfield></datafield><datafield ind1=" " ind2=" " tag="260"><subfield code="a">Lowell [Mass.] :</subfield><subfield code="b">J.T. Chesley,</subfield></datafield><datafield ind1=" " ind2=" " tag="300"><subfield code="a">v.</subfield></datafield><datafield ind1=" " ind2=" " tag="310"><subfield code="a">Daily (except Sun.)</subfield></datafield><datafield ind1="0" ind2=" " tag="362"><subfield code="a">Vol. 1, no. 1 (Sept. 16, 1851)-v. 1, no. 30 (Oct 20, 1851).</subfield></datafield><datafield ind1=" " ind2=" " tag="752"><subfield code="a">United States</subfield><subfield code="b">Massachusetts</subfield><subfield code="c">Middlesex</subfield><subfield code="d">Lowell.</subfield></datafield><datafield ind1="0" ind2=" " tag="775"><subfield code="t">Vox populi (Lowell, Mass.)</subfield><subfield code="w">(DLC)sn 83020083</subfield></datafield></record>